<?xml version="1.0" encoding="UTF-8"?><collection xmlns="http://www.loc.gov/MARC21/slim"><record><leader>00327nam--2200121-i-4500</leader><controlfield tag="001">000027744</controlfield><controlfield tag="002">20161230</controlfield><controlfield tag="005">20161230201036</controlfield><controlfield tag="008">060222s1000------------r-----000-0-eng-d</controlfield><datafield ind1=" " ind2=" " tag="100"><subfield code="a">Kiselev, A.V., Little, L.H</subfield></datafield><datafield ind1=" " ind2=" " tag="245"><subfield code="a">Lygin, v.i</subfield></datafield><datafield ind1=" " ind2=" " tag="260"><subfield code="a">Infrared Spectra Of Adsorbed Species</subfield></datafield><datafield ind1=" " ind2=" " tag="490"><subfield code="a">London, Academic Press, 1966. Xii+428p</subfield></datafield></record></collection>